@book{DBLP:cormen_intro_to_algorithms,
	author    = {Thomas H. Cormen and
	Charles E. Leiserson and
	Ronald L. Rivest and
	Clifford Stein},
	title     = {Introduction to Algorithms, 3rd Edition},
	publisher = {{MIT} Press},
	year      = {2009},
	url       = {http://mitpress.mit.edu/books/introduction-algorithms},
	isbn      = {978-0-262-03384-8},
	timestamp = {Mon, 17 Aug 2020 11:36:12 +0200},
	biburl    = {https://dblp.org/rec/books/daglib/0023376.bib},
	bibsource = {dblp computer science bibliography, https://dblp.org}
}

@inproceedings{DBLP:conf/gd/GutwengerM98,
	author    = {Carsten Gutwenger and
	Petra Mutzel},
	editor    = {Sue Whitesides},
	title     = {Planar Polyline Drawings with Good Angular Resolution},
	booktitle = {Graph Drawing, 6th International Symposium, GD'98, Montr{\'{e}}al,
	Canada, August 1998, Proceedings},
	series    = {Lecture Notes in Computer Science},
	volume    = {1547},
	pages     = {167--182},
	publisher = {Springer},
	year      = {1998},
	url       = {https://doi.org/10.1007/3-540-37623-2\_13},
	doi       = {10.1007/3-540-37623-2\_13},
	timestamp = {Tue, 17 Nov 2020 17:53:24 +0100},
	biburl    = {https://dblp.org/rec/conf/gd/GutwengerM98.bib},
	bibsource = {dblp computer science bibliography, https://dblp.org}
}

@book{Diestel_GraphTheory,
	author    = {Reinhard Diestel},
	title     = {Graph Theory, 4th Edition},
	series    = {Graduate texts in mathematics},
	volume    = {173},
	publisher = {Springer},
	year      = {2012},
	isbn      = {978-3-642-14278-9},
	timestamp = {Mon, 04 Mar 2013 20:55:42 +0100},
	biburl    = {https://dblp.org/rec/books/daglib/0030488.bib},
	bibsource = {dblp computer science bibliography, https://dblp.org}
}

@article{Biedl_SP,
	author    = {Therese C. Biedl},
	title     = {Small Drawings of Outerplanar Graphs, Series-Parallel Graphs, and
	Other Planar Graphs},
	journal   = {Discret. Comput. Geom.},
	volume    = {45},
	number    = {1},
	pages     = {141--160},
	year      = {2011},
	url       = {https://doi.org/10.1007/s00454-010-9310-z},
	doi       = {10.1007/s00454-010-9310-z},
	timestamp = {Thu, 12 Mar 2020 17:21:23 +0100},
	biburl    = {https://dblp.org/rec/journals/dcg/Biedl11.bib},
	bibsource = {dblp computer science bibliography, https://dblp.org}
}

@article{straight-line_2-trees,
	author    = {Carlos Alegria and
	Manuel Borrazzo and
	Giordano Da Lozzo and
	Giuseppe Di Battista and
	Fabrizio Frati and
	Maurizio Patrignani},
	title     = {Planar Straight-line Realizations of 2-Trees with Prescribed Edge
	Lengths},
	journal   = {CoRR},
	volume    = {abs/2108.12628},
	year      = {2021},
	url       = {https://arxiv.org/abs/2108.12628},
	eprinttype = {arXiv},
	eprint    = {2108.12628},
	timestamp = {Thu, 02 Sep 2021 14:42:29 +0200},
	biburl    = {https://dblp.org/rec/journals/corr/abs-2108-12628.bib},
	bibsource = {dblp computer science bibliography, https://dblp.org}
}

@incollection{Duncan_planar_polyline_drawings,
	author    = {Christian A. Duncan and
	Michael T. Goodrich},
	editor    = {Roberto Tamassia},
	title     = {Planar Orthogonal and Polyline Drawing Algorithms},
	booktitle = {Handbook on Graph Drawing and Visualization},
	pages     = {223--246},
	publisher = {Chapman and Hall/CRC},
	year      = {2013},
	timestamp = {Wed, 12 Jul 2017 09:11:51 +0200},
	biburl    = {https://dblp.org/rec/reference/crc/DuncanG13.bib},
	bibsource = {dblp computer science bibliography, https://dblp.org}
}

@inproceedings{Ruegg_Layering,
	author    = {Ulf Rüegg and
	Thorsten Ehlers and
	Miro Spönemann and
	Reinhard von Hanxleden},
	editor    = {Yifan Hu and
	Martin Nöllenburg},
	title     = {A Generalization of the Directed Graph Layering Problem},
	booktitle = {Graph Drawing and Network Visualization - 24th International Symposium,
	{GD} 2016, Athens, Greece, September 19-21, 2016, Revised Selected
	Papers},
	series    = {Lecture Notes in Computer Science},
	volume    = {9801},
	pages     = {196--208},
	publisher = {Springer},
	year      = {2016},
	url       = {https://doi.org/10.1007/978-3-319-50106-2\_16},
	doi       = {10.1007/978-3-319-50106-2\_16},
	timestamp = {Wed, 17 Feb 2021 08:16:51 +0100},
	biburl    = {https://dblp.org/rec/conf/gd/RueggESH16.bib},
	bibsource = {dblp computer science bibliography, https://dblp.org}
}